<record><leader>00000cas a22000007a 4500</leader><controlfield tag="001">12193037</controlfield><controlfield tag="008">850624d18961902aluwr ne      0    0eng d</controlfield><datafield ind1=" " ind2=" " tag="010"><subfield code="a">sn 85044757 </subfield></datafield><datafield ind1=" " ind2=" " tag="040"><subfield code="a">ALM</subfield><subfield code="b">eng</subfield><subfield code="c">ALM</subfield><subfield code="d">CPN</subfield><subfield code="d">OCLCQ</subfield></datafield><datafield ind1=" " ind2=" " tag="042"><subfield code="a">msc</subfield></datafield><datafield ind1="0" ind2=" " tag="130"><subfield code="a">Weekly dispatch (Tuscumbia, Ala.)</subfield></datafield><datafield ind1="1" ind2="4" tag="245"><subfield code="a">The Weekly dispatch.</subfield></datafield><datafield ind1="1" ind2="3" tag="246"><subfield code="a">Dispatch</subfield></datafield><datafield ind1=" " ind2=" " tag="260"><subfield code="a">Tuscumbia, Ala. :</subfield><subfield code="b">Oscar G. Simpson,</subfield><subfield code="c">1896-1902.</subfield></datafield><datafield ind1=" " ind2=" " tag="300"><subfield code="a">v. :</subfield><subfield code="b">ill. ;</subfield><subfield code="c">67 cm.</subfield></datafield><datafield ind1=" " ind2=" " tag="310"><subfield code="a">Weekly</subfield></datafield><datafield ind1="0" ind2=" " tag="362"><subfield code="a">Vol. 1, no. 1 (June 20, 1896)-v. 6, no. 34 (Feb. 13, 1902).</subfield></datafield><datafield ind1=" " ind2=" " tag="500"><subfield code="a">Editor: Oscar G. Simpson.</subfield></datafield><datafield ind1=" " ind2=" " tag="525"><subfield code="a">Supplements accompany some issues.</subfield></datafield><datafield ind1=" " ind2=" " tag="752"><subfield code="a">United States</subfield><subfield code="b">Alabama</subfield><subfield code="c">Colbert</subfield><subfield code="d">Tuscumbia.</subfield></datafield><datafield ind1="0" ind2="0" tag="780"><subfield code="t">Colbert county banner</subfield><subfield code="w">(DLC)sn 85044599</subfield></datafield><datafield ind1="0" ind2="0" tag="785"><subfield code="t">Tuscumbia dispatch</subfield><subfield code="w">(DLC)sn 85045003</subfield></datafield><datafield ind1="1" ind2=" " tag="029"><subfield code="a">AU@</subfield><subfield code="b">000025829944</subfield></datafield></record>